<record><leader>00000cas a22000007a 4500</leader><controlfield tag="001">34744466</controlfield><controlfield tag="008">960516d19041911azuwr ne      0    0eng d</controlfield><datafield ind1=" " ind2=" " tag="010"><subfield code="a">sn 96060527 </subfield></datafield><datafield ind1=" " ind2=" " tag="040"><subfield code="a">ANN</subfield><subfield code="b">eng</subfield><subfield code="c">ANN</subfield><subfield code="d">OCLCF</subfield><subfield code="d">OCLCO</subfield></datafield><datafield ind1="1" ind2=" " tag="029"><subfield code="a">AU@</subfield><subfield code="b">000012500751</subfield></datafield><datafield ind1=" " ind2=" " tag="042"><subfield code="a">msc</subfield></datafield><datafield ind1=" " ind2=" " tag="043"><subfield code="a">n-us-az</subfield></datafield><datafield ind1="0" ind2="4" tag="245"><subfield code="a">The Morenci leader.</subfield></datafield><datafield ind1=" " ind2=" " tag="260"><subfield code="a">Morenci, Ariz. :</subfield><subfield code="b">Arizona Pub. Co.,</subfield></datafield><datafield ind1=" " ind2=" " tag="300"><subfield code="a">v.</subfield></datafield><datafield ind1=" " ind2=" " tag="310"><subfield code="a">Weekly</subfield></datafield><datafield ind1="1" ind2=" " tag="362"><subfield code="a">Began 1904.  Ceased Aug. 1911.</subfield></datafield><datafield ind1=" " ind2=" " tag="580"><subfield code="a">Formed by the union of:  El Obrero Spanish-American, and: Morenci-Clifton Standard.</subfield></datafield><datafield ind1=" " ind2=" " tag="580"><subfield code="a">Merged with:  Copper era (Clifton, Ariz. : 1899), to form: Copper era and Morenci leader.</subfield></datafield><datafield ind1=" " ind2="0" tag="651"><subfield code="a">Morenci (Ariz.)</subfield><subfield code="v">Newspapers.</subfield></datafield><datafield ind1=" " ind2="0" tag="651"><subfield code="a">Graham County (Ariz.)</subfield><subfield code="v">Newspapers.</subfield></datafield><datafield ind1=" " ind2="7" tag="655"><subfield code="a">Newspapers.</subfield><subfield code="2">fast</subfield><subfield code="0">(OCoLC)fst01423814</subfield></datafield><datafield ind1=" " ind2="7" tag="651"><subfield code="a">Arizona</subfield><subfield code="z">Graham County.</subfield><subfield code="2">fast</subfield><subfield code="0">(OCoLC)fst01212049</subfield></datafield><datafield ind1=" " ind2="7" tag="651"><subfield code="a">Arizona</subfield><subfield code="z">Morenci.</subfield><subfield code="2">fast</subfield><subfield code="0">(OCoLC)fst01234022</subfield></datafield><datafield ind1=" " ind2=" " tag="752"><subfield code="a">United States</subfield><subfield code="b">Arizona</subfield><subfield code="c">Graham</subfield><subfield code="d">Morenci.</subfield></datafield><datafield ind1=" " ind2=" " tag="752"><subfield code="a">United States</subfield><subfield code="b">Arizona</subfield><subfield code="c">Greenlee</subfield><subfield code="d">Morenci.</subfield></datafield><datafield ind1="1" ind2="4" tag="780"><subfield code="t">El Obrero Spanish-American</subfield></datafield><datafield ind1="1" ind2="4" tag="780"><subfield code="t">Morenci-Clifton standard</subfield></datafield><datafield ind1="1" ind2="7" tag="785"><subfield code="t">Copper era (Clifton, Ariz. : 1899)</subfield><subfield code="w">(DLC)sn 89053851</subfield></datafield><datafield ind1="1" ind2="7" tag="785"><subfield code="t">Copper era and Morenci leader</subfield><subfield code="w">(DLC)sn 95060892</subfield></datafield></record>